5144 6636
459 1049 537 1132 tur,
583 1063 626 1110 ac
664 1039 910 1112 necessariam
946 1055 983 1114 et
1017 1055 1142 1115 textus
1175 1056 1212 1116 et
1248 1068 1376 1116 sensus
1414 1055 1557 1141 partem
1584 1042 1846 1145 constituunt..
1873 1043 1970 1118 Haec

1216 1143 1224 1170 2

458 1205 589 1280 litteris
625 1208 760 1282 runicis
790 1209 1183 1310 intermixtisvarieta
1218 1214 1400 1312 poematis
1435 1239 1521 1312 pars
1551 1211 1662 1317 nobie
1687 1237 1734 1284 ex
1761 1238 1843 1284 aevo
1873 1211 1971 1285 chri-

457 1377 579 1452 stiano
617 1378 761 1476 praebet
799 1379 1059 1476 imitationem,
1100 1381 1332 1478 urvidetur,
1368 1383 1533 1480 antiquae
1556 1381 1655 1455 illius
1682 1381 1837 1455 sortium
1865 1381 1970 1456 colli·

456 1547 661 1646 gendarum
703 1566 739 1622 et
778 1549 1079 1625 declarandorum
1121 1577 1233 1626 causa
1272 1551 1419 1626 usitatae
1461 1575 1638 1649 poeseos,
1675 1551 1728 1624 ita
1769 1564 1810 1623 ut
1855 1563 1969 1649 poeta

458 1731 585 1791 noster
618 1721 828 1793 runioarum
871 1721 1076 1827 litterarum
1119 1724 1271 1798 nomina
1313 1723 1445 1798 eodem
1483 1719 1594 1795 modo
1640 1746 1812 1839 persuum
1846 1719 1968 1792 textui

456 1888 694 2008 admiscuerit
728 1890 811 1963 loeo
843 1891 1072 1990 syllabarum
1103 1921 1125 1966 a
1159 1907 1341 1970 concentu
1369 1921 1544 1999 versuum
1575 1893 1855 1992 requisiturum,
1890 1915 1965 1986 quo

455 2059 510 2132 illi
537 2073 680 2133 veteres
711 2060 876 2171 sortilegi
906 2061 1047 2134 litteras
1082 2063 1244 2136 sortibus
1274 2063 1470 2164 inscriptus
1506 2089 1708 2160 eorumque
1735 2061 1887 2135 uomina
1910 2057 1966 2130 uti

456 2229 737 2304 fundamentum
765 2189 1013 2330 rhytbmioum
1057 2231 1132 2305 suis
1161 2231 1329 2320 versibus
1369 2233 1662 2308 substruxerant.
1716 2229 1822 2330 Opus
1858 2227 1967 2303 sorti-

454 2399 623 2499 legorum
650 2398 857 2494 e1·at,datis
882 2426 904 2472 a
938 2411 1037 2478 sorte
1063 2401 1277 2475 nominibus
1304 2401 1440 2477 runicis
1461 2403 1516 2476 uti
1543 2403 1649 2500 quasi
1675 2400 1800 2474 firlcris
1829 2396 1963 2496 (stabo)

454 2598 627 2650 versuum
654 2569 753 2644 illius
780 2567 955 2664 vaticinii,
982 2569 1083 2668 quod
1110 2571 1156 2645 ab
1186 2568 1231 2646 iis
1258 2571 1561 2673 exspectabatur;
1588 2585 1714 2646 noster
1738 2596 1825 2644 vero
1852 2583 1965 2668 poeta
2044 2607 2047 2612 ·

453 2741 595 2815 litteras
634 2741 692 2814 sui
725 2742 841 2841 ipsius
874 2742 1035 2816 nominis
1071 2767 1271 2840 earumque
1305 2705 1573 2842 appellationes
1603 2742 1734 2816 eodem
1768 2740 1880 2814 modo
1915 2727 1967 2812 aid

450 2939 579 2986 versus
608 2912 886 3011 componendos
915 2913 1096 2986 adhibuit.
1148 2913 1343 3012 Utrisque,
1379 2927 1420 2987 ut
1449 2914 1490 2988 in
1523 2937 1636 3012 opera
1660 2935 1840 3011 perquam
1867 2904 1964 2981 difli-

453 3083 525 3178 cili,
549 3081 688 3158 licebat
725 3084 930 3174 litterarum
958 3083 1170 3160 nominibus
1195 3085 1367 3181 *quolibet
1392 3109 1521 3179 sensu,
1558 3108 1669 3180 quem
1695 3106 1808 3158 sonus
1834 3103 1966 3160 eorum

452 3251 652 3350 praeberet,
690 3249 755 3328 uti.

603 3587 674 3664 His
699 3591 829 3689 paucis
854 3592 1056 3691 praemissis
1082 3591 1319 3665 ernendatum
1346 3604 1490 3665 textum
1517 3591 1651 3666 decimi
1678 3590 1797 3688 quinti
1825 3587 1961 3662 cantici

449 3762 633 3862 poematis
663 3759 709 3834 de
734 3773 875 3833 sanotae
901 3761 1018 3837 crucis
1044 3763 1256 3836 inventione
1280 3763 1532 3862 proponimus,
1558 3786 1627 3834 nee
1652 3787 1727 3834 non
1752 3759 1970 3834 versionem·

452 3934 532 4033 ejus
559 3932 597 4004 in
625 3932 790 4031 linguam
816 3931 1054 4005 vernaculam
1088 3943 1126 4006 et
1159 3933 1307 4006 notulas
1344 3932 1524 4035 quasdam
1544 3932 1757 4034 adjicimus,
1798 3935 1838 4003 ut
1870 3929 1960 4004 faci-

1039 4066 1041 4074 .
1077 4042 1081 4076 t
1457 4070 1461 4082 .

452 4101 582 4176 liorem
610 4103 782 4177 canninis
810 4128 961 4177 sensum
994 4103 1192 4178 reddamus
1226 4103 1577 4200 emendationesque
1603 4115 1782 4178 tueamur.
