5144 6636
1151 831 1197 907 19

414 1036 494 1110 Der
517 1035 728 1112 rcichthum
755 1032 824 1106 auf
842 1017 908 1105 der
933 1032 1055 1106 crde·
1095 1030 1205 1106 Danu
1231 1039 1310 1130 (aues)
1330 1029 1401 1104 soll
1428 1028 1584 1130 (aolohe)
1611 1022 1856 1102 henlichkeit

416 1170 589 1244 Brennen
610 1170 650 1244 in
669 1168 755 1244 dem
780 1168 941 1266 branda3
968 1167 1153 1269 gldnzend
1178 1167 1331 1242 rauacht
1356 1165 1395 1240 in
1424 1165 1485 1240 die
1509 1165 1609 1240 hoho

414 1301 487 1375 Die
512 1302 707 1376 kienrothe
732 1301 901 1397 flamme3
929 1299 1216 1402 unbarmherzig
1241 1301 1411 1376 schreitet
1437 1299 1486 1372 [ie

414 1435 544 1510 Durch
571 1433 631 1509 die
657 1435 765 1508 weita
789 1435 893 1531 welt3
921 1435 981 1509 die
1006 1433 1144 1536 gefilde
1169 1441 1314 1508 stiirzan
1339 1439 1567 1526 zusammen3
1799 1507 1803 1514 ,
1926 1505 1930 1512 ,

414 1563 486 1642 Die
512 1567 752 1668 stadtgn'inde
777 1567 924 1642 beriten
949 1567 1212 1664 auaeinander3
1244 1563 1309 1639 dae
1336 1563 1438 1638 feuer
1463 1565 1508 1637 ist
1535 1561 1813 1664 lcsgebunden3

415 1700 470 1776 Ea
496 1699 666 1776 varzehrt
694 1701 766 1775 den
792 1701 895 1774 alten
922 1701 1132 1774 reichthum
1161 1699 1257 1773 ohne
1284 1723 1329 1771 nu
1356 1709 1516 1793 tranem,
1926 1675 1929 1682 ⁵

412 1833 541 1908 Diaser
564 1835 737 1936 gierigite
763 1833 829 1908 der
855 1833 999 1934 geister.
1026 1879 1075 1888 -—
1193 1839 1196 1846 '

563 2348 577 2372 ·
604 2333 749 2404 Pecunia,
773 2352 840 2412 quae
862 2334 898 2392 ab
920 2335 975 2392 hac
994 2331 1090 2394 insuia
1111 2333 1200 2394 undis
1222 2329 1382 2392 secluditur
1409 2329 1453 2408 (in
1472 2329 1674 2390 transmarinis
1694 2331 1854 2410 partibusa-
1885 2332 1927 2392 di*

413 2423 493 2487 vitiac
515 2433 602 2489 terrae
624 2429 677 2487 diu
702 2432 732 2486 et
752 2427 836 2487 avide
858 2448 876 2486 a
895 2448 942 2487 mc
965 2426 1186 2504 adpetebantur.
1228 2430 1264 2487 In
1283 2430 1339 2487 hoc
1363 2422 1428 2484 loco
1455 2425 1508 2484 ubi
1528 2426 1656 2500 „divitiae
1684 2431 1789 2486 terrae“
1816 2427 1862 2487 uti
1880 2429 1930 2486 ad-

412 2521 517 2600 positio
537 2526 578 2586 ad
597 2525 728 2586 litteram
746 2525 879 2584 runicam
907 2528 941 2584 dr
964 2529 1053 2604 atquc
1073 2526 1113 2586 ad
1134 2523 1300 2584 accuratius
1321 2521 1521 2582 datinimdurn
1541 2519 1656 2589 ioniam
1674 2524 1801 2590 numidia
1821 2524 1931 2588 littatie

413 2621 534 2680 mnicae
554 2621 746 2691 adhibentur,
767 2619 833 2678 luce
856 2619 963 2679 clarius
985 2625 1044 2692 cat,
1066 2623 1121 2680 hoc
1144 2639 1252 2680 nomen
1272 2639 1336 2680 aon
1358 2623 1393 2678 dr
1414 2618 1509 2694 (urus)
1531 2615 1594 2679 ease
1609 2617 1717 2702 posse,
1738 2616 1789 2680 [ed
1809 2617 1931 2699 synony-

414 2717 504 2776 miam
526 2717 605 2778 inter
625 2716 681 2774 hoc
701 2734 808 2776 namen
836 2721 867 2776 et
891 2717 964 2776 icch
984 2736 1022 2776 cu
1050 2716 1164 2776 ieldum
1185 2709 1314 2776 axittere
1334 2747 1371 2760 -—
1394 2715 1476 2774 nulla
1503 2715 1561 2776 alia
1586 2733 1654 2776 veno
1675 2732 1749 2788 vox,
1776 2728 1866 2795 quani
1886 2715 1932 2788 δὴ

414 2813 542 2872 inveniri
564 2809 674 2890 potest,
695 2831 754 2890 qua
774 2807 814 2870 fic
832 2813 880 2886 ¹uti
902 2809 1115 2889 pctcit¹poeta

564 3879 643 3957 Iam
677 3879 762 3954 satia
799 3878 1030 3954 manifestum
1062 3885 1133 3975 ait,
1172 3893 1323 3978 poetam
1358 3881 1396 3956 in
1435 3878 1600 3956 vantibus
1638 3879 1842 3956 aunuum
1875 3881 1925 3956 da

412 4056 549 4124 sanctae
571 4047 690 4124 crucia
714 4047 929 4124 inventione
954 4060 992 4122 ct
1025 4045 1075 4124 da'
1093 4047 1236 4148 judicio
1258 4059 1445 4143 extremo,
1485 4059 1581 4144 quoa
1613 4053 1725 4145 supra
1756 4047 1926 4148 legimus,

413 4217 459 4292 de
486 4223 522 4292 sc
543 4218 624 4318 ipso
637 4239 816 4311 nattam,
846 4219 883 4290 fa
920 4212 983 4288 diu
1017 4226 1055 4288 et
1085 4211 1242 4288 studiose
1266 4212 1305 4288 in
1331 4213 1599 4312 componendis
1625 4210 1790 4287 versibus
1822 4213 1926 4288 dosu-

414 4385 538 4482 daie,
572 4384 691 4460 donec
722 4383 843 4482 major
878 4381 918 4454 in
955 4381 1027 4456 hac
1059 4405 1101 4468 re
1132 4379 1312 4476 faeditas,
1349 4379 1549 4458 [eumdum
1584 4385 1685 4452 suam
1712 4377 1927 4494 opinionem

412 4553 539 4628 divina
566 4563 789 4650 cooperante
816 4548 1005 4648 sapientia,
1033 4547 1067 4620 ei
1093 4547 1283 4648 impertita
1306 4547 1364 4622 sit.
1403 4545 1552 4640 Iuvenis
1578 4545 1732 4622 fortasse
1752 4571 1828 4623 non
1852 4544 1928 4620 [ine

411 4745 551 4820 magna
568 4717 786 4792 difficultate
813 4714 978 4791 carmina
1003 4714 1181 4790 mundani
1204 4713 1414 4814 argumenti
1439 4737 1661 4812 componere
1687 4712 1843 4808 studuit3
1870 4711 1928 4786 vir

412 4891 449 4958 ie
474 4884 523 4959 ad
549 4895 766 4986 argumenta
792 4882 1034 4960 ecclesiastiea
1067 4882 1268 4978 convertit,
1306 4905 1392 4978 quae
1428 4879 1482 4976 ci,
1522 4880 1638 4979 longa
1664 4879 1928 4956 exercitatione

1727 5011 1772 5073 31
