5144 6636
1151 829 1194 910 21

541 979 544 988 Ι
567 1021 664 1111 Quae
686 1021 866 1120 igiturex
891 1023 949 1098 his
976 1023 1150 1102 omnibus
1164 1025 1324 1100 certiora
1348 1025 1597 1108 arbritramur‘
1612 1032 1693 1102 tunt
1711 1026 1814 1102 haec:
1841 1052 1933 1127 poc·

416 1204 495 1264 tam
516 1190 777 1290 ‘Cynevulfum
820 1190 931 1264 inisse
973 1161 1109 1286 virum,
1154 1193 1219 1290 qui
1262 1193 1391 1292 poesin
1433 1195 1521 1270 vitta
1561 1201 1634 1270 suae
1669 1193 1842 1272 studium
1862 1194 1933 1272 ribi

417 1359 580 1462 elegerit,
610 1373 647 1434 et
671 1361 803 1448 itinera
827 1361 967 1436 faciens
985 1362 1061 1436 live
1078 1374 1254 1461 poemata
1278 1370 1341 1438 sua
1363 1364 1597 1440 decantando
1624 1363 1698 1437 [ive
1716 1363 1790 1448 alio
1816 1365 1933 1446 modo

417 1529 565 1606 divitica
595 1531 811 1628 conquirere
837 1544 991 1606 conatus
1029 1532 1083 1605 sit.
1137 1531 1270 1606 Senior
1295 1535 1375 1632 jam
1406 1534 1526 1608 factus
1556 1533 1603 1608 de
1628 1533 1807 1609 firtilitate
1835 1532 1931 1608 divi·

419 1699 553 1774 tiarum
579 1701 828 1797 conqueritur.
937 1747 940 1754 ·

570 1867 716 1954 Grimm
742 1868 791 1942 ob
815 1871 1040 1966 antiquiores
1055 1872 1095 1944 in
1110 1871 1271 1946 carmina
1298 1871 1345 1944 de
1368 1871 1583 1952 inventione
1609 1874 1728 1951 crucia
1755 1896 1934 1953 occuren-

416 2055 473 2116 tes
511 2066 646 2115 vocum
679 2042 834 2133 formas,
870 2039 1116 2139 Cynevulfum
1150 2041 1372 2140 discipulum
1404 2043 1596 2117 Aldhelmi
1631 2042 1798 2142 episcopi
1822 2042 1933 2118 finisse

415 2217 539 2285 censet
567 2257 618 2266 -
643 2207 706 2283 ted
740 2236 825 2283 eum
866 2210 984 2284 multo
1025 2210 1162 2285 aerior'e
1198 2224 1374 2310 tempore·
1407 2213 1533 2286 vivere
1566 2213 1727 2312 potuisse
1762 2212 1933 2298 arbitror,

416 2408 504 2456 nam
539 2379 678 2455 etiamsi
712 2393 823 2480 poeta
863 2406 1058 2480 procerum
1089 2379 1238 2454 laudem
1275 2393 1311 2454 et
1347 2381 1447 2455 dona
1480 2381 1549 2458 sibi
1581 2408 1711 2482 parere
1748 2383 1928 2456 studiosus

413 2551 568 2626 dialecti
593 2549 930 2625 Nordhumbrenl'ie
965 2550 1119 2624 maculis
1152 2549 1191 2622 in
1226 2550 1434 2624 universum
1469 2551 1645 2626 immunia
1684 2557 1759 2626 csse
1787 2550 1928 2647 debuit,

416 2733 542 2794 tamen
575 2720 650 2793 illae
684 2719 847 2816 antiquae
883 2719 1014 2792 formae
1051 2720 1085 2793 ei
1118 2720 1190 2793 hac
1225 2745 1272 2793 ex
1306 2719 1465 2794 dialecto
1499 2721 1689 2796 adhaerere
1723 2722 1932 2820 quiverunt.

416 2886 753 2962 Nordhumbrentia
778 2887 876 2960 enirn
903 2887 1082 2964 dialectua
1115 2901 1152 2964 et
1176 2888 1426 2988 reduplicatas
1453 2864 1591 2966 formas
1615 2889 1785 2966 verbalea
1813 2891 1933 2992 (leort,

415 3060 507 3134 heht
536 3059 619 3159 etc.)
648 3070 684 3132 et
720 3058 793 3132 alia
829 3057 1039 3156 antiquiora
1076 3059 1207 3153 etiam,
1243 3059 1298 3131 uti
1334 3081 1468 3130 vocum
1502 3059 1773 3133 faemininarum
1809 3063 1933 3148 casum

413 3230 622 3330 genitivum
648 3227 686 3301 in
721 3255 738 3301 a
768 3227 1014 3321 desinentem,
1052 3232 1143 3324 quae'
1163 3223 1375 3299 Gothorum
1407 3239 1577 3325 tempora
1604 3228 1724 3324 olent,
1758 3201 1822 3302 diu
1848 3256 1935 3304 con-

417 3395 633 3495 servavit*),
679 3408 715 3469 et
755 3403 919 3471 nostrum
957 3409 1108 3496 poetam
1144 3421 1164 3470 e
1197 3394 1516 3470 Nordhumbrenti
1549 3395 1700 3498 regione
1734 3397 1933 3472 oriundum

416 3564 528 3639 tuisse
555 3590 670 3663 quum
705 3591 751 3640 ex
777 3567 1048 3664 permutatione
1075 3591 1211 3640 vocum
1244 3569 1289 3637 tir
1325 3575 1362 3637 et
1388 3566 1431 3637 or
1464 3563 1628 3663 suspicor
1671 3565 1822 3664 (etenim
1855 3566 1934 3640 fere

416 3735 502 3809 solis
527 3735 916 3812 Nordhumbrentibus
929 3757 1018 3812 'vox
1052 3740 1095 3812 or
1129 3735 1296 3814 usitatior
1322 3737 1432 3835 erat),
1455 3748 1535 3812 turn
1561 3736 1723 3814 manime
1747 3761 1794 3811 ex
1820 3737 1934 3836 ipliua

415 3916 541 4005 poetae
569 3906 739 3980 nominis‘
770 3907 872 3980 varia
902 3905 1039 4003 forma3
1078 3933 1166 3980 nam
1194 3905 1380 3999 Cynevolf
1411 3906 1488 4006 ipse
1529 3907 1602 3980 hoc
1639 3931 1777 3980 nomen
1809 3907 1935 4038 scribit

416 4073 472 4147 uti
498 4071 670 4172 animus,
710 4099 793 4176 quae
836 4077 984 4178 torpeo
1024 4077 1072 4151 ao
1109 4055 1249 4150 armas
1284 4073 1630 4150 northona-enos
1670 4043 1781 4178 geri,
1818 4077 1935 4172 hono,

417 4243 534 4318 brord
561 4246 713 4345 propius
754 4247 914 4344 accedit3
954 4247 993 4321 in
1029 4248 1226 4348 aenigmate
1253 4271 1361 4343 veru,
1400 4245 1502 4344 quod
1526 4271 1625 4319 nunc
1649 4244 1759 4320 nobis
1787 4269 1936 4320 accura-

417 4415 492 4488 tius
517 4415 787 4516 inspiciendum
819 4424 889 4513 eit,
924 4425 1027 4494 tuum
1061 4443 1198 4494 nomen
1230 4419 1351 4494 forma
1386 4417 1567 4515 quadam,
1594 4441 1678 4514 quae
1704 4418 1817 4496 ettam
1844 4417 1936 4494 alias

414 4585 594 4680 occurrit,
624 4612 708 4684 quae
736 4601 861 4664 autem
886 4597 973 4664 vare
1000 4587 1339 4664 Nordhumbrenfia
1367 4601 1434 4682 eat,
1462 4585 1613 4683 indicat,
1640 4585 1778 4677 scilicet
1806 4585 1939 4660 Coene-

574 4804 607 4881 *)
636 4805 693 4864 Die
721 4805 783 4864 viar
810 4807 986 4882 evangelicu
1010 4808 1042 4868 in
1074 4805 1421 4868 alt-nordhumbritcher
1452 4805 1585 4881 aprachc,
1613 4803 1858 4878 heramgegeban
1884 4823 1940 4862 von

423 4898 463 4960 K.
487 4899 534 4958 W.
558 4900 755 4960 Bouterweck
774 4921 803 4976 p.
823 4903 911 4961 ctx.
