5144 6636
1383 827 1430 900 20

648 1019 817 1116 exculto,
857 1017 1025 1094 faciliora
1058 1021 1356 1118 [epraebuerunt
1382 1068 1433 1080 -
1458 1034 1495 1096 et
1524 1021 1622 1096 hanc
1647 1021 1883 1119 facilitatem,
1928 1043 2041 1121 qnam
2066 1025 2162 1102 forte

647 1187 767 1286 primo
808 1189 848 1262 in
881 1188 1140 1289 componendo
1175 1189 1337 1264 carmine
1374 1189 1421 1264 de
1455 1199 1590 1266 sanctae
1629 1193 1747 1266 crucis
1788 1191 2002 1266 inventione
2037 1193 2161 1289 sensit,

647 1355 787 1431 auxilio
814 1356 961 1432 cuidam
988 1357 1113 1432 divino
1142 1357 1320 1432 attribuit.
1372 1357 1488 1448 Porro
1524 1371 1705 1457 memorat
1740 1371 1872 1458 poeta,
1908 1355 2162 1458 sequundum

646 1523 687 1597 in
709 1525 804 1602 aulis
829 1505 1024 1626 procerum
1054 1527 1153 1602 dona
1188 1529 1377 1630 recepisse.
1431 1527 1517 1602 Hoc
1553 1553 1637 1601 cum
1662 1527 1773 1601 nobis
1800 1528 1977 1605 describit
2008 1542 2161 1630 poetam

647 1694 780 1769 itinera
805 1695 1004 1769 facientem
1032 1711 1069 1770 et
1102 1696 1141 1768 in
1178 1697 1349 1774 societate
1374 1698 1584 1797 principum
1611 1697 1842 1794 aliorumque
1863 1697 2046 1780 nobilium
2074 1723 2162 1774 con·

648 1873 864 1964 versantem,
890 1894 979 1940 nam
1004 1868 1078 1942 hoc
1103 1881 1297 1969 poetarum
1323 1895 1441 1977 genus
1467 1869 1648 1969 imprimis
1675 1867 1933 1968 hujuscemodi
1960 1866 2066 1941 donis
2093 1869 2161 1942 ho-

650 2037 864 2112 norabatur.
914 2037 1086 2136 Denique
1111 2037 1219 2134 dicit,
1246 2045 1280 2112 le
1306 2039 1370 2112 diu
1395 2051 1433 2113 ct
1457 2039 1565 2114 avide
1594 2038 1805 2112 divitiarum
1831 2037 1950 2112 studio
1976 2038 2016 2112 in
2041 2051 2162 2113 trans·
2250 2098 2254 2110 .

651 2207 802 2280 marinis
829 2206 941 2280 etiam
969 2207 1075 2282 terris
1101 2213 1137 2282 se
1164 2207 1318 2306 dedisse,
1345 2207 1447 2308 quod
1473 2209 1538 2283 vix
1566 2209 1612 2283 de
1638 2208 1898 2307 conquirendis
1925 2208 2009 2282 lolio
2038 2205 2161 2308 poetae

652 2376 758 2452 donis
784 2376 942 2477 intelligi
967 2385 1097 2476 potest,
1127 2379 1188 2454 led
1213 2380 1332 2482 magis
1359 2379 1525 2453 indicare
1549 2377 1706 2473 videtur,
1733 2402 1818 2450 eum
1846 2377 1958 2450 etiam
1985 2377 2024 2450 in
2053 2377 2162 2452 itine-

649 2547 752 2621 ribus
779 2549 849 2622 luis
878 2561 1123 2623 mercaturam
1147 2549 1286 2645 fecisse,
1307 2548 1531 2658 —forsitan
1559 2548 1661 2647 (quia
1694 2559 1782 2619 tunc
1808 2545 1884 2620 fere
1910 2551 2051 2644 semper
2077 2571 2162 2620 cum

649 2729 859 2795 mercatura
885 2721 1170 2820 conjungeretur
1196 2731 1234 2792 et
1268 2717 1357 2815 quia
1383 2723 1590 2792 constanter
1615 2729 1727 2816 poeta
1751 2717 1824 2842 h.⁰⁰
1850 2715 2063 2788 divitiarum
2090 2719 2164 2784 ltu-

650 2885 752 2960 dium
777 2887 873 2960 inter
904 2901 1058 2986 peccata
1093 2895 1155 2962 lua
1190 2889 1370 2988 imprimis
1411 2887 1695 2985 commemoret)
1721 2885 1916 2984 piraticam
1943 2883 2160 2958 exercuisse.

651 3055 834 3158 Grimmj
906 3058 938 3158 ³¹²)
968 3057 1228 3132 animadvertit
1255 3023 1505 3158 Cynevulfum
1530 3083 1607 3130 non
1634 3056 1710 3129 line
1736 3053 1904 3129 doctrina
1928 3052 2047 3147 fuisse,
2075 3076 2160 3125 cum

648 3228 764 3303 libros
790 3256 813 3303 a
839 3235 874 3304 le
896 3230 1013 3304 lectos
1039 3242 1230 3304 memoret.
1259 3231 1364 3304 Tunc
1390 3227 1580 3329 temporis,
1609 3253 1683 3326 quo
1712 3225 1857 3301 Grimm
1882 3225 1966 3297 haec
1993 3220 2161 3316 asseruit,

649 3397 818 3472 nondum
843 3397 1034 3496 cognitum
1060 3411 1148 3494 erat,
1185 3401 1294 3498 plura
1319 3400 1393 3472 alia
1419 3399 1585 3474 carmina
1609 3424 1667 3472 ex.
1691 3424 1746 3496 gr.
1776 3395 1822 3468 de
1849 3401 1973 3468 sancta
1996 3390 2160 3484 Juliana,

651 3566 698 3640 de
727 3566 870 3667 judicio
900 3580 1086 3664 extremo,
1122 3569 1322 3668 aenigmata
1347 3570 1475 3666 etiam,
1514 3583 1551 3644 et
1579 3565 1778 3642 secundum
1807 3562 1939 3638 subtile
1966 3557 2162 3634 Dietrichii

645 3733 829 3836 judicium
854 3735 996 3831 omnia,
1033 3761 1118 3834 quae
1151 3738 1190 3812 in
1217 3739 1355 3814 codicis
1382 3737 1601 3814 Exonienlis
1635 3735 1796 3811 editione
1822 3733 1892 3806 Th.
1920 3757 1943 3804 a
1968 3731 2107 3830 pagina
2131 3713 2187 3800 Ι.1

650 3927 770 4000 neque
804 3901 951 3980 adrat
980 3905 1255 4001 contineantur,
1295 3931 1318 3978 a
1348 3904 1555 4005 Oynevulfo
1582 3903 1787 4004 compotita
1820 3907 1917 3996 esse,
1945 3925 2030 3998 quae
2064 3924 2163 3973 nunc

653 4072 752 4148 clare
776 4071 939 4172 probant
968 4094 1057 4146 'eum
1083 4073 1275 4150 indoctum
1313 4065 1464 4149 minime
1499 4073 1628 4170 filiole,
1662 4073 1776 4147 immo
1803 4057 1941 4146 multos
1968 4071 2083 4146 libros
2109 4071 2164 4144 le-

650 4243 757 4342 giale.
783 4283 835 4303 -·-
861 4239 906 4316 In
936 4243 1101 4320 versibus
1135 4253 1242 4345 [upra
1274 4273 1297 4319 a
1331 4245 1440 4320 nobis
1477 4245 1757 4320 communicatis
1793 4244 1917 4318 locum
1941 4243 2162 4337 invenimus,

652 4421 717 4519 qui
741 4432 892 4520 poetam
919 4426 1082 4496 nostrum
1113 4427 1151 4489 et
1176 4415 1376 4517 Virgilirmr
1411 4415 1562 4516 legisse,
1601 4425 1700 4489 certe
1719 4415 1879 4515 primum
1905 4412 2092 4488 Aeneidos
2118 4411 2163 4483 li-

651 4591 760 4666 brom
780 4590 944 4686 novisse,
969 4591 1117 4692 probat.

717 4947 736 4990 .·
799 4907 832 4985 ⁴)
863 4909 995 4970 Andreas
1016 4913 1045 4968 et
1062 4905 1157 4968 Elenc
1178 4928 1206 4985 p.
1229 4908 1263 4965 L.
