5144 6636
1399 823 1446 897 32

605 1084 612 1100 ,
670 1001 795 1089 tamen
822 1042 907 1092 otuu
932 1017 1163 1116 praeclarum
1188 1043 1264 1092 non
1291 1017 1412 1092 minus
1441 1018 1658 1094 eruditionis
1686 1021 1872 1096 solidioris
1902 1047 2014 1120 quam
2043 1025 2185 1100 acumi-

670 1135 727 1210 nis
756 1136 794 1210 in
819 1138 930 1212 rebus
957 1137 1178 1237 theologicis
1206 1137 1452 1212 diiudicandis
1485 1139 1747 1216 documentum
1784 1139 1982 1236 exhibeat,
2015 1144 2182 1240 praemio

668 1257 860 1356 proposito
883 1257 996 1358 digna
1023 1257 1153 1332 habita
1177 1271 1244 1332 est.
1299 1325 1306 1342 ,

820 1463 1008 1539 Schedula
1033 1465 1189 1539 rescissa
1214 1489 1350 1537 nomen
1377 1464 1527 1539 victoris
1556 1466 1746 1564 apparuit:

794 1699 962 1774 Cinorus
1000 1699 1188 1772 Maarmrs
1223 1699 1414 1774 Arausrus
1452 1698 1695 1795 Karaues,
1731 1701 2051 1776 Rsarouorrnuus.

819 1932 949 2005 Altera
976 1957 1062 2004 vero
1090 1932 1257 2028 quaestio
1284 1929 1331 2005 de
1357 1931 1470 2010 muris
1506 1945 1543 2005 et
1580 1932 1696 2030 portis
1720 1930 1928 2006 Jerusalem
1955 1931 2057 2008 urbis
2086 1935 2181 2012 duos

669 2069 779 2128 nacta
805 2065 871 2146 est,
900 2051 965 2148 qui
991 2077 1141 2152 operam
1167 2051 1205 2124 in
1232 2077 1276 2124 ea
1302 2051 1537 2125 collocarent.
1590 2051 1649 2124 Ex
1676 2052 1733 2125 his
1758 2052 1839 2148 ille,
1867 2053 1932 2150 qui
1956 2071 2183 2134 commenta-

670 2172 766 2246 rium
795 2199 903 2246 suum
929 2171 1028 2245 dic'to
1054 2171 1115 2256 „in
1136 2171 1214 2246 Deo
1242 2196 1322 2268 ques
1345 2185 1446 2244 meu“
1474 2169 1647 2270 signavit,
1685 2171 1725 2244 id
1750 2172 1984 2270 potissimum
2014 2173 2181 2274 deliquit,
2266 2197 2270 2206 ·

670 2291 772 2392 quod
797 2319 871 2366 non
895 2318 980 2368 eum
1006 2293 1141 2386 locum,
1169 2289 1234 2388 qui
1260 2287 1361 2364 solus
1387 2289 1536 2390 plenam
1562 2318 1750 2366 murorum
1777 2305 1813 2366 et
1837 2305 2027 2390 portarum
2052 2293 2183 2368 adum-

669 2403 883 2486 brationem
904 2409 1057 2488 exhibet
1090 2412 1189 2486 iusto
1215 2411 1381 2484 locorum
1411 2411 1540 2483 ordine
1568 2423 1731 2507 serrato,
1767 2411 1831 2510 qui
1855 2423 1911 2486 est
1938 2413 2038 2511 apud
2059 2415 2183 2488 Nehe·

670 2531 796 2628 miam,
820 2531 981 2630 primum
1008 2529 1173 2606 omnium
1200 2529 1272 2603 sibi
1297 2527 1557 2605 illustrandum
1579 2531 1711 2606 sumsit
1738 2545 1774 2604 et
1795 2529 2055 2629 disputationis
2075 2535 2183 2631 quasi

670 2652 956 2726 tundamentum
984 2651 1206 2744 substravit,
1236 2648 1296 2724 eui
1322 2659 1486 2725 caeteras
1516 2651 1885 2730 commemorationes
1911 2651 1950 2726 in
1976 2651 2024 2725 V.
2053 2655 2184 2728 Testa·

670 2784 796 2846 mento
821 2772 962 2870 passim
984 2770 1115 2844 obvias
1143 2781 1422 2869 superstrueret,
1451 2770 1518 2843 sed
1536 2771 1712 2870 temporis
1730 2769 1896 2844 ordinem
1916 2772 2022 2868 sequi
2042 2773 2184 2868 maluit,

670 2889 718 2964 ab
748 2889 1021 2986 antiquioribus
1048 2890 1087 2962 in
1113 2889 1160 2962 V.
1192 2891 1235 2962 Τ.
1268 2888 1437 2988 vestigiis
1462 2913 1637 2985 exorsus,
1673 2915 1809 2991 magno
1849 2891 2001 2988 quidem
2042 2891 2184 2966 laboris

670 3008 867 3110 dispendio
895 3022 932 3082 et
970 3011 1117 3087 lectoris
1151 3009 1275 3084 taedio
1301 3007 1341 3082 in
1370 3007 1422 3088 iis
1458 3034 1553 3106 quae
1579 3036 1645 3108 per
1674 3036 1713 3084 se
1741 3010 1900 3086 obscura
1927 3012 2048 3098 lucem
2076 3037 2184 3085 suam

670 3128 819 3206 aliunde
845 3130 1036 3228 requirunt
1073 3157 1143 3220 nec
1167 3130 1241 3207 nisi
1276 3153 1323 3202 ex
1350 3128 1524 3204 universo
1550 3129 1624 3204 loci
1667 3143 1870 3230 conspectu
1903 3131 2061 3232 intelligi
2096 3157 2183 3230 pos·

669 3249 845 3355 sunt,·ita
872 3261 914 3324 ut
939 3276 1090 3354 operam
1116 3265 1254 3326 temere
1280 3250 1356 3328 fere
1384 3249 1658 3348 consumpsisse
1690 3275 1733 3324 ac
1751 3248 1824 3324 vix'
1841 3276 1961 3329 norae
1982 3251 2182 3349 quicquam

669 3369 763 3470 lueis
788 3381 876 3469 post
902 3367 1086 3444 Thenirun
1120 3370 1296 3446 affirdisse
1329 3367 1510 3446 videatur.
1562 3367 1638 3443 Sed
1674 3369 1850 3466 quoniam
1876 3395 2119 3472 permagnam
2145 3385 2182 3444 et
2215 3437 2219 3446 .

668 3486 896 3564 laudabilem
933 3489 971 3562 in
1006 3502 1223 3590 argumento
1258 3486 1475 3567 difficillimo
1511 3500 1678 3562 versatus
1717 3513 1843 3564 curam
1879 3503 1915 3564 et
1951 3490 2182 3592 diligentiam

668 3607 854 3712 probarit,
879 3608 978 3683 iusta
1002 3609 1113 3682 simul
1138 3609 1354 3706 eorumqui
1378 3608 1478 3684 idem
1500 3633 1619 3708 nuper
1644 3620 1845 3684 tractaumt
1872 3608 2001 3684 habita
2028 3611 2182 3706 ratione,

669 3727 761 3802 ordo
788 3728 908 3801 noluit
935 3741 1076 3802 tantam
1110 3729 1331 3803 iudustriam
1366 3728 1404 3802 in
1441 3727 1556 3802 ardua
1583 3728 1799 3825 quaestione
1830 3731 2049 3805 collocatam
2076 3756 2182 3830 prae·

668 3847 744 3922 mio
773 3873 840 3922 suo
862 3847 1019 3948 privare,
1046 3847 1147 3944 quod
1174 3849 1359 3948 integrum
1387 3848 1425 3921 in
1451 3873 1536 3921 eum
1562 3846 1822 3921 conferendum
1852 3874 1933 3922 esse
1959 3850 2113 3924 censuit.

795 4036 894 4113 Nam
915 4038 1018 4130 alter,
1041 4037 1105 4138 qui
1132 4038 1386 4135 quaestionem
1413 4062 1609 4138 aggressus
1626 4036 1796 4110 exhibuit
1820 4039 2181 4145 commentationem,

668 4157 729 4232 cui
754 4155 967 4256 symbolum
996 4181 1043 4230 ex
1069 4157 1131 4232 Ps.
1156 4161 1216 4252 48,
1245 4157 1301 4232 13.
1334 4161 1389 4232 14.
1426 4153 1662 4255 desumptum
1687 4155 1904 4256 inscriptum
1932 4173 2008 4253 est,
2050 4158 2182 4233 eadem

666 4277 743 4351 fere
767 4303 856 4351 usus
890 4277 1137 4376 rationeque
1163 4277 1286 4377 prior,
1320 4289 1445 4352 tamen
1479 4273 1552 4350 hoc
1580 4275 1711 4350 uitium
1746 4275 1896 4351 minime
1925 4279 2181 4378 compensarit

669 4395 874 4496 diligentia,
891 4396 1215 4496 ‘interpretationis
1242 4398 1410 4472 locorum
1436 4395 1483 4468 V.
1513 4396 1558 4468 Τ.
1588 4397 1894 4496 gravissimorum
1920 4399 1996 4474 lere
2020 4399 2181 4480 incurio-

668 4545 743 4613 ευ,
768 4517 875 4590 ineo
891 4540 980 4590 vero
997 4517 1518 4618 .1naxim0·rep1ehendendm
1545 4516 1647 4613 quod
1670 4517 1768 4590 nihil
1791 4519 1869 4592 fere
1892 4519 1967 4594 sibi
1992 4519 2181 4619 agendum

667 4663 749 4714 esse
766 4687 770 4698 ι
787 4635 955 4736 putarim
982 4635 1054 4710 nisi
1086 4637 1241 4712 -Krafftii
1285 4637 1445 4738 vestigia
1481 4639 1542 4711 rel
1587 4637 1626 4709 in
1669 4639 1958 4736 perversissimis
1992 4661 2180 4738 premere

589 4845 592 4852 s
667 4757 821 4854 alasque
845 4757 984 4830 libr'urn
1010 4755 1230 4832 suscribere.
1278 4758 1414 4855 ltaque
1441 4757 1562 4831 ordini
1587 4757 1845 4857 theologorum
1873 4760 1937 4832 uix
1965 4759 2092 4856 aliqua
2117 4759 2179 4832 vel

667 4875 822 4975 praemii
848 4877 1040 4952 constituti
1060 4891 1168 4978 parte
1193 4875 1390 4952 vellaude
1415 4877 1611 4952 videbatur
1637 4871 1718 4952 csse
1745 4862 1942 4954 dmandus.
2053 4922 2057 4939 ι
2106 4910 2111 4918 ·
