<?xml version="1.0" encoding="UTF-8"?>
<!DOCTYPE html PUBLIC "-//W3C//DTD XHTML 1.0 Transitional//EN"
    "http://www.w3.org/TR/xhtml1/DTD/xhtml1-transitional.dtd">
<html xmlns="http://www.w3.org/1999/xhtml" xml:lang="en" lang="en">
 <head>
  <title>
</title>
<meta http-equiv="Content-Type" content="text/html;charset=utf-8" />
  <meta name='ocr-system' content='tesseract 3.04.00' />
  <meta name='ocr-capabilities' content='ocr_page ocr_carea ocr_par ocr_line ocrx_word'/>
</head>
<body>
  <div class='ocr_page' id='page_1' title='image "./qudeseipsocynev00leogoog_0015.png"; bbox 0 0 5144 6636; ppageno 0'>
   <div class='ocr_carea' id='block_1_1' title="bbox 1407 774 1431 846">
    <p class='ocr_par' dir='ltr' id='par_1_1' title="bbox 1407 774 1431 846">
     <span class='ocr_line' id='line_1_1' title="bbox 1407 774 1431 846; baseline 0 0"><span class='ocrx_word' id='word_1_1' title='bbox 1407 774 1431 846; x_wconf 80' lang='lat'>8</span> 
     </span>
    </p>
   </div>
   <div class='ocr_carea' id='block_1_2' title="bbox 974 965 1906 1744">
    <p class='ocr_par' dir='ltr' id='par_1_2' title="bbox 974 965 1496 1068">
     <span class='ocr_line' id='line_1_2' title="bbox 974 965 1496 1068; baseline 0.008 -29"><span class='ocrx_word' id='word_1_2' title='bbox 974 965 1226 1064; x_wconf 75' lang='lat' dir='ltr'>Nebdgefera3</span> <span class='ocrx_word' id='word_1_3' title='bbox 1252 991 1366 1040; x_wconf 87' lang='lat' dir='ltr'>nearu</span> <span class='ocrx_word' id='word_1_4' title='bbox 1393 971 1496 1068; x_wconf 87' lang='lat' dir='ltr'>lorge</span> 
     </span>
    </p>

    <p class='ocr_par' dir='ltr' id='par_1_3' title="bbox 974 1097 1768 1339">
     <span class='ocr_line' id='line_1_3' title="bbox 974 1097 1768 1200; baseline 0.014 -29"><span class='ocrx_word' id='word_1_5' title='bbox 974 1097 1123 1172; x_wconf 82' lang='lat' dir='ltr'>Drebh¹</span> <span class='ocrx_word' id='word_1_6' title='bbox 1155 1123 1249 1200; x_wconf 84' lang='lat' dir='ltr'>enge</span> <span class='ocrx_word' id='word_1_7' title='bbox 1276 1107 1380 1196; x_wconf 73' lang='lat' dir='ltr'>rane,</span> <span class='ocrx_word' id='word_1_8' title='bbox 1406 1112 1469 1188; x_wconf 76' lang='lat' dir='ltr'>p&#39;ar</span> <span class='ocrx_word' id='word_1_9' title='bbox 1493 1103 1571 1178; x_wconf 88' lang='lat' dir='ltr'>him</span> <span class='ocrx_word' id='word_1_10' title='bbox 1599 1107 1663 1180; x_wconf 79' lang='lat' dir='ltr'>rot</span> <span class='ocrx_word' id='word_1_11' title='bbox 1688 1107 1768 1182; x_wconf 77' lang='lat' dir='ltr'>fore</span> 
     </span>
     <span class='ocr_line' id='line_1_4' title="bbox 974 1233 1603 1339; baseline 0.011 -31"><span class='ocrx_word' id='word_1_12' title='bbox 974 1233 1160 1333; x_wconf 76' lang='lat' dir='ltr'>Milpatas</span> <span class='ocrx_word' id='word_1_13' title='bbox 1187 1245 1283 1331; x_wconf 69' lang='lat' dir='ltr'>mitt,</span> <span class='ocrx_word' id='word_1_14' title='bbox 1310 1235 1439 1338; x_wconf 84' lang='lat' dir='ltr'>modig</span> <span class='ocrx_word' id='word_1_15' title='bbox 1466 1239 1603 1339; x_wconf 75' lang='lat' dir='ltr'>brttgde</span> 
     </span>
    </p>

    <p class='ocr_par' dir='ltr' id='par_1_4' title="bbox 974 1367 1906 1744">
     <span class='ocr_line' id='line_1_5' title="bbox 975 1367 1778 1475; baseline 0.015 -35"><span class='ocrx_word' id='word_1_16' title='bbox 975 1367 1106 1441; x_wconf 88' lang='lat' dir='ltr'>Virum</span> <span class='ocrx_word' id='word_1_17' title='bbox 1130 1370 1346 1470; x_wconf 88' lang='lat' dir='ltr'>gevlenocd.</span> <span class='ocrx_word' id='word_1_18' title='bbox 1404 1373 1478 1446; x_wconf 67' lang='lat' dir='ltr'>Vere</span> <span class='ocrx_word' id='word_1_19' title='bbox 1504 1373 1535 1448; x_wconf 82' lang='lat' dir='ltr'>io</span> <span class='ocrx_word' id='word_1_20' title='bbox 1567 1377 1778 1475; x_wconf 74' lang='lat' dir='ltr'>geevltrod,</span> 
     </span>
     <span class='ocr_line' id='line_1_6' title="bbox 975 1500 1906 1612; baseline 0.013 -37"><span class='ocrx_word' id='word_1_21' title='bbox 975 1500 1141 1598; x_wconf 81' lang='lat' dir='ltr'>Gomon,</span> <span class='ocrx_word' id='word_1_22' title='bbox 1167 1503 1262 1578; x_wconf 72' lang='lat' dir='ltr'>lister</span> <span class='ocrx_word' id='word_1_23' title='bbox 1285 1508 1457 1607; x_wconf 77' lang='lat' dir='ltr'>gebrum3</span> <span class='ocrx_word' id='word_1_24' title='bbox 1483 1521 1631 1610; x_wconf 78' lang='lat' dir='ltr'>geogut</span> <span class='ocrx_word' id='word_1_25' title='bbox 1655 1510 1687 1584; x_wconf 83' lang='lat' dir='ltr'>ia</span> <span class='ocrx_word' id='word_1_26' title='bbox 1715 1511 1906 1612; x_wconf 77' lang='lat' dir='ltr'>gecyrred,</span> 
     </span>
     <span class='ocr_line' id='line_1_7' title="bbox 974 1616 1650 1744; baseline 0.012 -34"><span class='ocrx_word' id='word_1_27' title='bbox 974 1636 1072 1711; x_wconf 85' lang='lat' dir='ltr'>Eald</span> <span class='ocrx_word' id='word_1_28' title='bbox 1097 1639 1280 1714; x_wconf 85' lang='lat' dir='ltr'>onmedla.</span> <span class='ocrx_word' id='word_1_29' title='bbox 1336 1616 1414 1717; x_wconf 66' lang='grc' dir='ltr'>ὁπ’</span> <span class='ocrx_word' id='word_1_30' title='bbox 1451 1653 1516 1718; x_wconf 73' lang='lat' dir='ltr'>vtio</span> <span class='ocrx_word' id='word_1_31' title='bbox 1538 1669 1650 1744; x_wconf 74' lang='lat' dir='ltr'>gerara</span> 
     </span>
    </p>
   </div>
   <div class='ocr_carea' id='block_1_3' title="bbox 671 2067 2181 2240">
    <p class='ocr_par' dir='ltr' id='par_1_5' title="bbox 671 2067 2181 2240">
     <span class='ocr_line' id='line_1_8' title="bbox 671 2067 2181 2156; baseline 0.011 -28"><span class='ocrx_word' id='word_1_32' title='bbox 671 2067 753 2131; x_wconf 82' lang='lat' dir='ltr'>veria</span> <span class='ocrx_word' id='word_1_33' title='bbox 774 2071 875 2132; x_wconf 74' lang='lat' dir='ltr'>littera</span> <span class='ocrx_word' id='word_1_34' title='bbox 900 2075 1001 2135; x_wconf 88' lang='lat' dir='ltr'>runica</span> <span class='ocrx_word' id='word_1_35' title='bbox 1021 2077 1177 2136; x_wconf 87' lang='lat' dir='ltr'>indicatur.</span> <span class='ocrx_word' id='word_1_36' title='bbox 1224 2079 1282 2138; x_wconf 76' lang='lat' dir='ltr'>nar</span> <span class='ocrx_word' id='word_1_37' title='bbox 1303 2099 1371 2138; x_wconf 77' lang='lat' dir='ltr'>vero</span> <span class='ocrx_word' id='word_1_38' title='bbox 1391 2076 1535 2154; x_wconf 78' lang='lat' dir='ltr'>fignificat</span> <span class='ocrx_word' id='word_1_39' title='bbox 1556 2077 1661 2140; x_wconf 81' lang='lat' dir='ltr'>[tatum</span> <span class='ocrx_word' id='word_1_40' title='bbox 1682 2077 1841 2152; x_wconf 73' lang='lat' dir='ltr'>senectute,</span> <span class='ocrx_word' id='word_1_41' title='bbox 1863 2083 1971 2156; x_wconf 88' lang='lat' dir='ltr'>morbo,</span> <span class='ocrx_word' id='word_1_42' title='bbox 1994 2083 2181 2146; x_wconf 85' lang='lat' dir='ltr'>vulneraeto.</span> 
     </span>
     <span class='ocr_line' id='line_1_9' title="bbox 673 2167 1783 2240; baseline 0.01 -14"><span class='ocrx_word' id='word_1_43' title='bbox 673 2167 880 2240; x_wconf 74' lang='lat' dir='ltr'>collabentem,</span> <span class='ocrx_word' id='word_1_44' title='bbox 908 2169 954 2229; x_wconf 90' lang='lat' dir='ltr'>uti</span> <span class='ocrx_word' id='word_1_45' title='bbox 973 2191 1074 2232; x_wconf 82' lang='lat' dir='ltr'>verano</span> <span class='ocrx_word' id='word_1_46' title='bbox 1095 2174 1132 2234; x_wconf 89' lang='lat' dir='ltr'>de</span> <span class='ocrx_word' id='word_1_47' title='bbox 1152 2172 1251 2234; x_wconf 81' lang='lat' dir='ltr'>littera</span> <span class='ocrx_word' id='word_1_48' title='bbox 1270 2173 1372 2234; x_wconf 85' lang='lat' dir='ltr'>runica</span> <span class='ocrx_word' id='word_1_49' title='bbox 1393 2175 1444 2234; x_wconf 80' lang='lat' dir='ltr'>alr</span> <span class='ocrx_word' id='word_1_50' title='bbox 1462 2175 1618 2238; x_wconf 77' lang='lat' dir='ltr'>manifecte</span> <span class='ocrx_word' id='word_1_51' title='bbox 1639 2177 1783 2237; x_wconf 84' lang='lat' dir='ltr'>indicant:</span> 
     </span>
    </p>
   </div>
   <div class='ocr_carea' id='block_1_4' title="bbox 909 2270 1596 2665">
    <p class='ocr_par' dir='ltr' id='par_1_6' title="bbox 909 2270 1596 2665">
     <span class='ocr_line' id='line_1_10' title="bbox 974 2270 1475 2350; baseline 0 -20"><span class='ocrx_word' id='word_1_52' title='bbox 974 2272 1024 2330; x_wconf 79' lang='lat' dir='ltr'>alr</span> <span class='ocrx_word' id='word_1_53' title='bbox 1043 2270 1096 2328; x_wconf 81' lang='lat' dir='ltr'>bic</span> <span class='ocrx_word' id='word_1_54' title='bbox 1118 2271 1185 2346; x_wconf 82' lang='lat' dir='ltr'>egle</span> <span class='ocrx_word' id='word_1_55' title='bbox 1203 2271 1282 2330; x_wconf 87' lang='lat' dir='ltr'>ecrla</span> <span class='ocrx_word' id='word_1_56' title='bbox 1300 2271 1475 2350; x_wconf 75' lang='lat' dir='ltr'>gchvyloum</span> 
     </span>
     <span class='ocr_line' id='line_1_11' title="bbox 974 2346 1476 2426; baseline 0.002 -17"><span class='ocrx_word' id='word_1_57' title='bbox 974 2349 1063 2421; x_wconf 77' lang='lat' dir='ltr'>ponn’</span> <span class='ocrx_word' id='word_1_58' title='bbox 1084 2346 1196 2410; x_wconf 77' lang='lat' dir='ltr'>faltlloa</span> <span class='ocrx_word' id='word_1_59' title='bbox 1216 2350 1296 2410; x_wconf 76' lang='lat' dir='ltr'>flacc</span> <span class='ocrx_word' id='word_1_60' title='bbox 1317 2351 1476 2426; x_wconf 74' lang='lat' dir='ltr'>onginnet,</span> 
     </span>
     <span class='ocr_line' id='line_1_12' title="bbox 974 2426 1433 2501; baseline 0.004 -13"><span class='ocrx_word' id='word_1_61' title='bbox 974 2431 1046 2488; x_wconf 73' lang='lat' dir='ltr'>brar</span> <span class='ocrx_word' id='word_1_62' title='bbox 1068 2426 1174 2501; x_wconf 77' lang='lat' dir='ltr'>oblian,</span> <span class='ocrx_word' id='word_1_63' title='bbox 1202 2426 1310 2490; x_wconf 87' lang='lat' dir='ltr'>brulan</span> <span class='ocrx_word' id='word_1_64' title='bbox 1330 2428 1433 2490; x_wconf 78' lang='lat' dir='ltr'>cablon</span> 
     </span>
     <span class='ocr_line' id='line_1_13' title="bbox 909 2509 1596 2584; baseline 0.003 -16"><span class='ocrx_word' id='word_1_65' title='bbox 909 2559 912 2568; x_wconf 75' lang='grc'>,</span> <span class='ocrx_word' id='word_1_66' title='bbox 973 2509 1040 2567; x_wconf 78' lang='lat' dir='ltr'>blr‘ac</span> <span class='ocrx_word' id='word_1_67' title='bbox 1060 2513 1091 2568; x_wconf 90' lang='lat' dir='ltr'>to</span> <span class='ocrx_word' id='word_1_68' title='bbox 1112 2509 1283 2584; x_wconf 79' lang='lat' dir='ltr'>gebeddan;</span> <span class='ocrx_word' id='word_1_69' title='bbox 1304 2510 1403 2570; x_wconf 76' lang='lat' dir='ltr'>blado</span> <span class='ocrx_word' id='word_1_70' title='bbox 1422 2511 1596 2584; x_wconf 77' lang='lat' dir='ltr'>gedreoscc,</span> 
     </span>
     <span class='ocr_line' id='line_1_14' title="bbox 973 2593 1527 2665; baseline 0.007 -19"><span class='ocrx_word' id='word_1_71' title='bbox 973 2607 1069 2665; x_wconf 70' lang='lat' dir='ltr'>rpnna</span> <span class='ocrx_word' id='word_1_72' title='bbox 1090 2593 1222 2661; x_wconf 72' lang='lat' dir='ltr'>pavitat,</span> <span class='ocrx_word' id='word_1_73' title='bbox 1241 2595 1308 2648; x_wconf 72' lang='lat' dir='ltr'>vira</span> <span class='ocrx_word' id='word_1_74' title='bbox 1330 2594 1465 2665; x_wconf 75' lang='lat' dir='ltr'>georlcad</span> <span class='ocrx_word' id='word_1_75' title='bbox 1488 2621 1527 2634; x_wconf 94' lang='lat'>-·</span> 
     </span>
    </p>
   </div>
   <div class='ocr_carea' id='block_1_5' title="bbox 974 2683 1982 3083">
    <p class='ocr_par' dir='ltr' id='par_1_7' title="bbox 975 2683 1705 2760">
     <span class='ocr_line' id='line_1_15' title="bbox 975 2683 1705 2760; baseline 0.005 -18"><span class='ocrx_word' id='word_1_76' title='bbox 975 2684 1105 2757; x_wconf 82' lang='lat' dir='ltr'>(Varlall</span> <span class='ocrx_word' id='word_1_77' title='bbox 1128 2685 1205 2744; x_wconf 74' lang='lat' dir='ltr'>vird</span> <span class='ocrx_word' id='word_1_78' title='bbox 1221 2687 1321 2760; x_wconf 88' lang='lat' dir='ltr'>jedcm</span> <span class='ocrx_word' id='word_1_79' title='bbox 1342 2706 1448 2746; x_wconf 90' lang='lat' dir='ltr'>manne</span> <span class='ocrx_word' id='word_1_80' title='bbox 1469 2689 1623 2746; x_wconf 86' lang='lat' dir='ltr'>lurchtbar</span> <span class='ocrx_word' id='word_1_81' title='bbox 1644 2683 1705 2746; x_wconf 87' lang='lat' dir='ltr'>lein</span> 
     </span>
    </p>

    <p class='ocr_par' dir='ltr' id='par_1_8' title="bbox 975 2765 1656 2840">
     <span class='ocr_line' id='line_1_16' title="bbox 975 2765 1656 2840; baseline 0.004 -18"><span class='ocrx_word' id='word_1_82' title='bbox 975 2783 1062 2823; x_wconf 82' lang='lat' dir='ltr'>wann</span> <span class='ocrx_word' id='word_1_83' title='bbox 1084 2765 1306 2825; x_wconf 85' lang='lat' dir='ltr'>unabwendbar</span> <span class='ocrx_word' id='word_1_84' title='bbox 1326 2768 1379 2825; x_wconf 80' lang='lat' dir='ltr'>dar</span> <span class='ocrx_word' id='word_1_85' title='bbox 1400 2767 1504 2826; x_wconf 81' lang='lat' dir='ltr'>lleieoh</span> <span class='ocrx_word' id='word_1_86' title='bbox 1523 2767 1656 2840; x_wconf 74' lang='lat' dir='ltr'>beginnt,</span> 
     </span>
    </p>

    <p class='ocr_par' dir='ltr' id='par_1_9' title="bbox 974 2844 1917 3004">
     <span class='ocr_line' id='line_1_17' title="bbox 974 2844 1917 2917; baseline 0.002 -13"><span class='ocrx_word' id='word_1_87' title='bbox 974 2845 1027 2904; x_wconf 79' lang='lat' dir='ltr'>(lar</span> <span class='ocrx_word' id='word_1_88' title='bbox 1046 2844 1116 2914; x_wconf 87' lang='lat' dir='ltr'>leib,</span> <span class='ocrx_word' id='word_1_89' title='bbox 1137 2865 1175 2903; x_wconf 84' lang='lat' dir='ltr'>au</span> <span class='ocrx_word' id='word_1_90' title='bbox 1195 2845 1337 2917; x_wconf 80' lang='lat' dir='ltr'>erkaltcn,</span> <span class='ocrx_word' id='word_1_91' title='bbox 1360 2847 1424 2906; x_wconf 86' lang='lat' dir='ltr'>aicb</span> <span class='ocrx_word' id='word_1_92' title='bbox 1446 2845 1494 2905; x_wconf 86' lang='lat' dir='ltr'>dio</span> <span class='ocrx_word' id='word_1_93' title='bbox 1514 2846 1584 2906; x_wconf 86' lang='lat' dir='ltr'>erdo</span> <span class='ocrx_word' id='word_1_94' title='bbox 1604 2866 1641 2904; x_wconf 85' lang='lat' dir='ltr'>zu</span> <span class='ocrx_word' id='word_1_95' title='bbox 1664 2847 1812 2908; x_wconf 77' lang='lat' dir='ltr'>erwtihlen</span> <span class='ocrx_word' id='word_1_96' title='bbox 1911 2885 1917 2894; x_wconf 87' lang='lat'><em>-</em></span> 
     </span>
     <span class='ocr_line' id='line_1_18' title="bbox 974 2922 1747 3004; baseline 0.004 -23"><span class='ocrx_word' id='word_1_97' title='bbox 974 2922 1073 2982; x_wconf 88' lang='lat' dir='ltr'>bleich</span> <span class='ocrx_word' id='word_1_98' title='bbox 1090 2944 1143 2982; x_wconf 87' lang='lat' dir='ltr'>zur</span> <span class='ocrx_word' id='word_1_99' title='bbox 1162 2922 1380 2998; x_wconf 78' lang='lat' dir='ltr'>bettgenolain3</span> <span class='ocrx_word' id='word_1_100' title='bbox 1409 2925 1457 2985; x_wconf 88' lang='lat' dir='ltr'>die</span> <span class='ocrx_word' id='word_1_101' title='bbox 1476 2927 1594 2986; x_wconf 73' lang='lat' dir='ltr'>lnicbte</span> <span class='ocrx_word' id='word_1_102' title='bbox 1618 2926 1747 3004; x_wconf 44' lang='lat' dir='ltr'>fallen3-</span> 
     </span>
    </p>

    <p class='ocr_par' dir='ltr' id='par_1_10' title="bbox 974 3002 1982 3083">
     <span class='ocr_line' id='line_1_19' title="bbox 974 3002 1982 3083; baseline 0.006 -22"><span class='ocrx_word' id='word_1_103' title='bbox 974 3002 1024 3062; x_wconf 86' lang='lat' dir='ltr'>dic</span> <span class='ocrx_word' id='word_1_104' title='bbox 1033 3004 1157 3063; x_wconf 81' lang='lat' dir='ltr'>frendor</span> <span class='ocrx_word' id='word_1_105' title='bbox 1167 3005 1403 3078; x_wconf 70' lang='lat' dir='ltr'>rcraohwindem</span> <span class='ocrx_word' id='word_1_106' title='bbox 1419 3005 1535 3065; x_wconf 76' lang='lat' dir='ltr'>worout</span> <span class='ocrx_word' id='word_1_107' title='bbox 1543 3025 1611 3064; x_wconf 86' lang='lat' dir='ltr'>man</span> <span class='ocrx_word' id='word_1_108' title='bbox 1622 3005 1721 3082; x_wconf 79' lang='lat' dir='ltr'>bpute,</span> <span class='ocrx_word' id='word_1_109' title='bbox 1733 3006 1774 3066; x_wconf 90' lang='lat' dir='ltr'>im</span> <span class='ocrx_word' id='word_1_110' title='bbox 1784 3003 1875 3067; x_wconf 85' lang='lat' dir='ltr'>ltichc</span> <span class='ocrx_word' id='word_1_111' title='bbox 1887 3004 1982 3083; x_wconf 68' lang='lat' dir='ltr'>luit.)</span> 
     </span>
    </p>
   </div>
   <div class='ocr_carea' id='block_1_6' title="bbox 645 3099 2188 3866">
    <p class='ocr_par' dir='ltr' id='par_1_11' title="bbox 673 3099 2185 3202">
     <span class='ocr_line' id='line_1_20' title="bbox 673 3099 2185 3202; baseline 0.004 -44"><span class='ocrx_word' id='word_1_112' title='bbox 673 3099 797 3202; x_wconf 62' lang='lat' dir='ltr'>§ippum</span> <span class='ocrx_word' id='word_1_113' title='bbox 832 3101 982 3172; x_wconf 85' lang='lat' dir='ltr'>runioum,</span> <span class='ocrx_word' id='word_1_114' title='bbox 1013 3101 1093 3178; x_wconf 86' lang='lat' dir='ltr'>quod</span> <span class='ocrx_word' id='word_1_115' title='bbox 1113 3107 1212 3161; x_wconf 75' lang='lat' dir='ltr'>nostro</span> <span class='ocrx_word' id='word_1_116' title='bbox 1232 3102 1264 3160; x_wconf 92' lang='lat' dir='ltr'>in</span> <span class='ocrx_word' id='word_1_117' title='bbox 1284 3122 1373 3162; x_wconf 83' lang='lat' dir='ltr'>verca</span> <span class='ocrx_word' id='word_1_118' title='bbox 1404 3101 1526 3162; x_wconf 77' lang='lat' dir='ltr'>adhibet</span> <span class='ocrx_word' id='word_1_119' title='bbox 1554 3107 1642 3178; x_wconf 86' lang='lat' dir='ltr'>poeta</span> <span class='ocrx_word' id='word_1_120' title='bbox 1669 3107 1747 3163; x_wconf 88' lang='lat' dir='ltr'>corte</span> <span class='ocrx_word' id='word_1_121' title='bbox 1767 3105 1887 3182; x_wconf 82' lang='lat' dir='ltr'>proprie</span> <span class='ocrx_word' id='word_1_122' title='bbox 1914 3125 1948 3182; x_wconf 85' lang='lat' dir='ltr'>yr</span> <span class='ocrx_word' id='word_1_123' title='bbox 1968 3105 2134 3166; x_wconf 85' lang='lat' dir='ltr'>nominatur</span> <span class='ocrx_word' id='word_1_124' title='bbox 2154 3107 2185 3164; x_wconf 84' lang='lat' dir='ltr'>at</span> 
     </span>
    </p>

    <p class='ocr_par' dir='ltr' id='par_1_12' title="bbox 645 3193 2188 3754">
     <span class='ocr_line' id='line_1_21' title="bbox 707 3193 2186 3275; baseline 0.003 -20"><span class='ocrx_word' id='word_1_125' title='bbox 707 3216 773 3256; x_wconf 90' lang='lat' dir='ltr'>oum</span> <span class='ocrx_word' id='word_1_126' title='bbox 795 3193 936 3272; x_wconf 76' lang='lat' dir='ltr'>designat</span> <span class='ocrx_word' id='word_1_127' title='bbox 990 3200 1098 3256; x_wconf 81' lang='lat' dir='ltr'>Arcum</span> <span class='ocrx_word' id='word_1_128' title='bbox 1122 3217 1189 3257; x_wconf 78' lang='lat' dir='ltr'>vero</span> <span class='ocrx_word' id='word_1_129' title='bbox 1220 3197 1252 3256; x_wconf 92' lang='lat' dir='ltr'>in</span> <span class='ocrx_word' id='word_1_130' title='bbox 1278 3199 1332 3258; x_wconf 79' lang='lat' dir='ltr'>bac</span> <span class='ocrx_word' id='word_1_131' title='bbox 1359 3198 1396 3257; x_wconf 84' lang='lat' dir='ltr'>dc</span> <span class='ocrx_word' id='word_1_132' title='bbox 1422 3197 1481 3258; x_wconf 83' lang='lat' dir='ltr'>vita</span> <span class='ocrx_word' id='word_1_133' title='bbox 1510 3193 1561 3257; x_wconf 87' lang='lat' dir='ltr'>lua</span> <span class='ocrx_word' id='word_1_134' title='bbox 1589 3199 1779 3275; x_wconf 75' lang='lat' dir='ltr'>cogitationes</span> <span class='ocrx_word' id='word_1_135' title='bbox 1809 3201 1974 3262; x_wconf 84' lang='lat' dir='ltr'>immiacara</span> <span class='ocrx_word' id='word_1_136' title='bbox 2000 3200 2125 3261; x_wconf 78' lang='lat' dir='ltr'>nescirit</span> <span class='ocrx_word' id='word_1_137' title='bbox 2144 3233 2186 3244; x_wconf 91' lang='lat'>·-</span> 
     </span>
     <span class='ocr_line' id='line_1_22' title="bbox 672 3289 2185 3382; baseline 0.001 -31"><span class='ocrx_word' id='word_1_138' title='bbox 672 3292 813 3368; x_wconf 85' lang='lat' dir='ltr'>produxit</span> <span class='ocrx_word' id='word_1_139' title='bbox 845 3293 938 3366; x_wconf 74' lang='lat' dir='ltr'>igitur</span> <span class='ocrx_word' id='word_1_140' title='bbox 964 3289 1104 3368; x_wconf 76' lang='lat' dir='ltr'>syllabam</span> <span class='ocrx_word' id='word_1_141' title='bbox 1129 3297 1168 3350; x_wconf 83' lang='lat' dir='ltr'>lta</span> <span class='ocrx_word' id='word_1_142' title='bbox 1197 3299 1230 3350; x_wconf 89' lang='lat' dir='ltr'>ut</span> <span class='ocrx_word' id='word_1_143' title='bbox 1252 3296 1290 3377; x_wconf 71' lang='lat' dir='ltr'>yr</span> <span class='ocrx_word' id='word_1_144' title='bbox 1316 3311 1368 3368; x_wconf 92' lang='lat' dir='ltr'>pro</span> <span class='ocrx_word' id='word_1_145' title='bbox 1397 3293 1447 3351; x_wconf 72' lang='lat' dir='ltr'>etr</span> <span class='ocrx_word' id='word_1_146' title='bbox 1477 3292 1638 3352; x_wconf 77' lang='lat' dir='ltr'>audiretur.</span> <span class='ocrx_word' id='word_1_147' title='bbox 1680 3293 1788 3352; x_wconf 77' lang='lat' dir='ltr'>Affinis</span> <span class='ocrx_word' id='word_1_148' title='bbox 1816 3295 1881 3354; x_wconf 82' lang='lat' dir='ltr'>boec</span> <span class='ocrx_word' id='word_1_149' title='bbox 1907 3315 1965 3354; x_wconf 81' lang='lat' dir='ltr'>vox</span> <span class='ocrx_word' id='word_1_150' title='bbox 1991 3297 2029 3382; x_wconf 53' lang='grc' dir='ltr'>φτ</span> <span class='ocrx_word' id='word_1_151' title='bbox 2055 3291 2113 3354; x_wconf 84' lang='lat' dir='ltr'>lire</span> <span class='ocrx_word' id='word_1_152' title='bbox 2135 3294 2185 3353; x_wconf 75' lang='lat' dir='ltr'>alr</span> 
     </span>
     <span class='ocr_line' id='line_1_23' title="bbox 676 3385 2184 3468; baseline 0.003 -23"><span class='ocrx_word' id='word_1_153' title='bbox 676 3391 723 3446; x_wconf 85' lang='lat' dir='ltr'>cot</span> <span class='ocrx_word' id='word_1_154' title='bbox 743 3386 807 3446; x_wconf 84' lang='lat' dir='ltr'>voci</span> <span class='ocrx_word' id='word_1_155' title='bbox 828 3385 979 3446; x_wconf 77' lang='lat' dir='ltr'>irlandicoe</span> <span class='ocrx_word' id='word_1_156' title='bbox 999 3405 1081 3456; x_wconf 88' lang='lat' dir='ltr'>aurr,</span> <span class='ocrx_word' id='word_1_157' title='bbox 1102 3405 1161 3463; x_wconf 88' lang='lat' dir='ltr'>qua</span> <span class='ocrx_word' id='word_1_158' title='bbox 1179 3387 1324 3464; x_wconf 78' lang='lat' dir='ltr'>cujusquo</span> <span class='ocrx_word' id='word_1_159' title='bbox 1345 3385 1461 3461; x_wconf 70' lang='lat' dir='ltr'>penaria</span> <span class='ocrx_word' id='word_1_160' title='bbox 1482 3389 1588 3447; x_wconf 83' lang='lat' dir='ltr'>rudera</span> <span class='ocrx_word' id='word_1_161' title='bbox 1607 3393 1638 3446; x_wconf 87' lang='lat' dir='ltr'>ct</span> <span class='ocrx_word' id='word_1_162' title='bbox 1656 3385 1763 3462; x_wconf 70' lang='lat' dir='ltr'>inulta,</span> <span class='ocrx_word' id='word_1_163' title='bbox 1792 3391 1835 3468; x_wconf 94' lang='lat' dir='ltr'>(in</span> <span class='ocrx_word' id='word_1_164' title='bbox 1860 3390 1962 3468; x_wconf 77' lang='lat' dir='ltr'>primia</span> <span class='ocrx_word' id='word_1_165' title='bbox 1984 3409 2053 3450; x_wconf 88' lang='lat' dir='ltr'>vero</span> <span class='ocrx_word' id='word_1_166' title='bbox 2072 3390 2184 3465; x_wconf 76' lang='lat' dir='ltr'>glarca)</span> 
     </span>
     <span class='ocr_line' id='line_1_24' title="bbox 645 3475 2187 3572; baseline -0.001 -28"><span class='ocrx_word' id='word_1_167' title='bbox 645 3475 653 3487; x_wconf 64' lang='lat'><strong>¹</strong></span> <span class='ocrx_word' id='word_1_168' title='bbox 678 3479 877 3560; x_wconf 73' lang='lat' dir='ltr'>defignantur.</span> <span class='ocrx_word' id='word_1_169' title='bbox 918 3485 982 3544; x_wconf 83' lang='lat' dir='ltr'>Hoc</span> <span class='ocrx_word' id='word_1_170' title='bbox 1003 3479 1117 3560; x_wconf 71' lang='lat' dir='ltr'>lignum</span> <span class='ocrx_word' id='word_1_171' title='bbox 1137 3483 1272 3542; x_wconf 90' lang='lat' dir='ltr'>runicum</span> <span class='ocrx_word' id='word_1_172' title='bbox 1293 3481 1328 3560; x_wconf 60' lang='grc' dir='ltr'>ἓν</span> <span class='ocrx_word' id='word_1_173' title='bbox 1346 3501 1415 3541; x_wconf 84' lang='lat' dir='ltr'>raro</span> <span class='ocrx_word' id='word_1_174' title='bbox 1435 3502 1453 3541; x_wconf 89' lang='lat' dir='ltr'>a</span> <span class='ocrx_word' id='word_1_175' title='bbox 1473 3480 1638 3560; x_wconf 66' lang='lat' dir='ltr'>cinerullo</span> <span class='ocrx_word' id='word_1_176' title='bbox 1659 3489 1746 3561; x_wconf 92' lang='lat' dir='ltr'>poeta</span> <span class='ocrx_word' id='word_1_177' title='bbox 1762 3503 1815 3561; x_wconf 91' lang='lat' dir='ltr'>pro</span> <span class='ocrx_word' id='word_1_178' title='bbox 1836 3486 1875 3572; x_wconf 54' lang='grc' dir='ltr'>φτ</span> <span class='ocrx_word' id='word_1_179' title='bbox 1895 3484 2046 3562; x_wconf 77' lang='lat' dir='ltr'>usurpari,</span> <span class='ocrx_word' id='word_1_180' title='bbox 2069 3485 2187 3544; x_wconf 86' lang='lat' dir='ltr'>demon·</span> 
     </span>
     <span class='ocr_line' id='line_1_25' title="bbox 679 3575 2188 3668; baseline 0.001 -30"><span class='ocrx_word' id='word_1_181' title='bbox 679 3575 750 3639; x_wconf 90' lang='lat' dir='ltr'>ltrat</span> <span class='ocrx_word' id='word_1_182' title='bbox 770 3580 938 3656; x_wconf 89' lang='lat' dir='ltr'>conjunctio</span> <span class='ocrx_word' id='word_1_183' title='bbox 966 3581 1031 3655; x_wconf 74' lang='lat' dir='ltr'>ejus</span> <span class='ocrx_word' id='word_1_184' title='bbox 1056 3599 1123 3638; x_wconf 91' lang='lat' dir='ltr'>cum</span> <span class='ocrx_word' id='word_1_185' title='bbox 1150 3575 1231 3652; x_wconf 72' lang='lat' dir='ltr'>ligno</span> <span class='ocrx_word' id='word_1_186' title='bbox 1258 3577 1336 3638; x_wconf 79' lang='lat' dir='ltr'>neltl</span> <span class='ocrx_word' id='word_1_187' title='bbox 1355 3577 1387 3637; x_wconf 92' lang='lat' dir='ltr'>in</span> <span class='ocrx_word' id='word_1_188' title='bbox 1410 3579 1525 3638; x_wconf 73' lang='lat' dir='ltr'>(luobus</span> <span class='ocrx_word' id='word_1_189' title='bbox 1554 3579 1620 3638; x_wconf 82' lang='lat' dir='ltr'>aliia</span> <span class='ocrx_word' id='word_1_190' title='bbox 1641 3579 1713 3640; x_wconf 79' lang='lat' dir='ltr'>locis</span> <span class='ocrx_word' id='word_1_191' title='bbox 1735 3581 1786 3668; x_wconf 77' lang='lat' dir='ltr'>(yr</span> <span class='ocrx_word' id='word_1_192' title='bbox 1809 3581 1869 3642; x_wconf 82' lang='lat' dir='ltr'>and</span> <span class='ocrx_word' id='word_1_193' title='bbox 1882 3579 1972 3652; x_wconf 76' lang='lat' dir='ltr'>neld,</span> <span class='ocrx_word' id='word_1_194' title='bbox 2001 3581 2106 3642; x_wconf 83' lang='lat' dir='ltr'>verlall</span> <span class='ocrx_word' id='word_1_195' title='bbox 2124 3582 2188 3640; x_wconf 80' lang='lat' dir='ltr'>und</span> 
     </span>
     <span class='ocr_line' id='line_1_26' title="bbox 681 3672 1794 3754; baseline -0.001 -19"><span class='ocrx_word' id='word_1_196' title='bbox 681 3675 779 3752; x_wconf 86' lang='lat' dir='ltr'>clend)</span> <span class='ocrx_word' id='word_1_197' title='bbox 802 3675 912 3735; x_wconf 82' lang='lat' dir='ltr'>codicia</span> <span class='ocrx_word' id='word_1_198' title='bbox 934 3672 1110 3735; x_wconf 84' lang='lat' dir='ltr'>llxonienlia</span> <span class='ocrx_word' id='word_1_199' title='bbox 1132 3696 1160 3753; x_wconf 92' lang='lat' dir='ltr'>p.</span> <span class='ocrx_word' id='word_1_200' title='bbox 1181 3675 1222 3734; x_wconf 80' lang='lat'>50</span> <span class='ocrx_word' id='word_1_201' title='bbox 1244 3681 1275 3734; x_wconf 86' lang='lat' dir='ltr'>et</span> <span class='ocrx_word' id='word_1_202' title='bbox 1291 3697 1319 3752; x_wconf 87' lang='lat' dir='ltr'>p.</span> <span class='ocrx_word' id='word_1_203' title='bbox 1340 3673 1410 3736; x_wconf 78' lang='lat'>284.</span> <span class='ocrx_word' id='word_1_204' title='bbox 1435 3675 1505 3734; x_wconf 86' lang='lat' dir='ltr'>edit</span> <span class='ocrx_word' id='word_1_205' title='bbox 1526 3675 1656 3754; x_wconf 83' lang='lat' dir='ltr'>Thorpii.</span> <span class='ocrx_word' id='word_1_206' title='bbox 1778 3683 1794 3714; x_wconf 79' lang='lat'><em>⁰</em></span> 
     </span>
    </p>

    <p class='ocr_par' dir='ltr' id='par_1_13' title="bbox 789 3790 1435 3866">
     <span class='ocr_line' id='line_1_27' title="bbox 789 3790 1435 3866; baseline 0.002 -17"><span class='ocrx_word' id='word_1_207' title='bbox 789 3797 796 3829; x_wconf 91' lang='lat'><strong>¹</strong></span> <span class='ocrx_word' id='word_1_208' title='bbox 824 3791 945 3850; x_wconf 86' lang='lat' dir='ltr'>verbum</span> <span class='ocrx_word' id='word_1_209' title='bbox 967 3790 1110 3866; x_wconf 79' lang='lat' dir='ltr'>drebgan,</span> <span class='ocrx_word' id='word_1_210' title='bbox 1132 3790 1278 3866; x_wconf 79' lang='lat' dir='ltr'>perterre,</span> <span class='ocrx_word' id='word_1_211' title='bbox 1299 3790 1435 3850; x_wconf 86' lang='lat' dir='ltr'>tolerare.</span> 
     </span>
    </p>
   </div>
   <div class='ocr_carea' id='block_1_7' title="bbox 674 3902 2195 4951">
    <p class='ocr_par' dir='ltr' id='par_1_14' title="bbox 674 3902 2195 4951">
     <span class='ocr_line' id='line_1_28' title="bbox 787 3902 2190 3985; baseline 0 -19"><span class='ocrx_word' id='word_1_212' title='bbox 787 3913 799 3944; x_wconf 88' lang='lat'>²</span> <span class='ocrx_word' id='word_1_213' title='bbox 825 3907 889 3966; x_wconf 89' lang='lat' dir='ltr'>Hoc</span> <span class='ocrx_word' id='word_1_214' title='bbox 911 3902 1028 3982; x_wconf 75' lang='lat' dir='ltr'>lignum</span> <span class='ocrx_word' id='word_1_215' title='bbox 1046 3905 1182 3966; x_wconf 89' lang='lat' dir='ltr'>runicum</span> <span class='ocrx_word' id='word_1_216' title='bbox 1196 3906 1283 3980; x_wconf 79' lang='lat' dir='ltr'>vulgo</span> <span class='ocrx_word' id='word_1_217' title='bbox 1303 3907 1470 3968; x_wconf 89' lang='lat' dir='ltr'>nominatur</span> <span class='ocrx_word' id='word_1_218' title='bbox 1490 3910 1524 3968; x_wconf 79' lang='lat' dir='ltr'>br</span> <span class='ocrx_word' id='word_1_219' title='bbox 1540 3907 1743 3984; x_wconf 80' lang='lat' dir='ltr'>(oucrochae);</span> <span class='ocrx_word' id='word_1_220' title='bbox 1765 3925 1856 3985; x_wconf 85' lang='lat' dir='ltr'>quum</span> <span class='ocrx_word' id='word_1_221' title='bbox 1876 3925 1944 3966; x_wconf 85' lang='lat' dir='ltr'>vero</span> <span class='ocrx_word' id='word_1_222' title='bbox 1966 3905 2064 3966; x_wconf 84' lang='lat' dir='ltr'>littera</span> <span class='ocrx_word' id='word_1_223' title='bbox 2088 3905 2105 3965; x_wconf 84' lang='grc' dir='ltr'>ὃ</span> <span class='ocrx_word' id='word_1_224' title='bbox 2125 3905 2190 3966; x_wconf 79' lang='lat' dir='ltr'>loro</span> 
     </span>
     <span class='ocr_line' id='line_1_29' title="bbox 676 4002 2192 4085; baseline -0.001 -22"><span class='ocrx_word' id='word_1_225' title='bbox 676 4002 780 4063; x_wconf 86' lang='lat' dir='ltr'>codem</span> <span class='ocrx_word' id='word_1_226' title='bbox 799 4003 885 4063; x_wconf 86' lang='lat' dir='ltr'>modo</span> <span class='ocrx_word' id='word_1_227' title='bbox 917 4004 1158 4079; x_wconf 79' lang='lat' dir='ltr'>pronuntiaretur</span> <span class='ocrx_word' id='word_1_228' title='bbox 1185 4025 1243 4083; x_wconf 91' lang='lat' dir='ltr'>quo</span> <span class='ocrx_word' id='word_1_229' title='bbox 1273 4005 1372 4066; x_wconf 86' lang='lat' dir='ltr'>littera</span> <span class='ocrx_word' id='word_1_230' title='bbox 1393 4009 1427 4076; x_wconf 77' lang='grc' dir='ltr'>ΐι,</span> <span class='ocrx_word' id='word_1_231' title='bbox 1461 4025 1611 4085; x_wconf 86' lang='lat' dir='ltr'>quumque</span> <span class='ocrx_word' id='word_1_232' title='bbox 1634 4005 1666 4063; x_wconf 91' lang='lat' dir='ltr'>in</span> <span class='ocrx_word' id='word_1_233' title='bbox 1687 4003 1795 4080; x_wconf 76' lang='lat' dir='ltr'>Anglia</span> <span class='ocrx_word' id='word_1_234' title='bbox 1815 4004 1862 4063; x_wconf 89' lang='lat' dir='ltr'>uri</span> <span class='ocrx_word' id='word_1_235' title='bbox 1893 4023 2045 4081; x_wconf 88' lang='lat' dir='ltr'>nunquam</span> <span class='ocrx_word' id='word_1_236' title='bbox 2076 4002 2192 4063; x_wconf 86' lang='lat' dir='ltr'>inventi</span> 
     </span>
     <span class='ocr_line' id='line_1_30' title="bbox 674 4094 2192 4180; baseline 0 -22"><span class='ocrx_word' id='word_1_237' title='bbox 674 4094 789 4171; x_wconf 79' lang='lat' dir='ltr'>acient,</span> <span class='ocrx_word' id='word_1_238' title='bbox 817 4099 855 4158; x_wconf 80' lang='lat' dir='ltr'>iio</span> <span class='ocrx_word' id='word_1_239' title='bbox 879 4101 971 4177; x_wconf 74' lang='lat' dir='ltr'>igitur</span> <span class='ocrx_word' id='word_1_240' title='bbox 990 4097 1022 4159; x_wconf 90' lang='lat' dir='ltr'>in</span> <span class='ocrx_word' id='word_1_241' title='bbox 1041 4099 1101 4161; x_wconf 83' lang='lat' dir='ltr'>vita</span> <span class='ocrx_word' id='word_1_242' title='bbox 1121 4105 1215 4178; x_wconf 74' lang='lat' dir='ltr'>poeta</span> <span class='ocrx_word' id='word_1_243' title='bbox 1237 4101 1320 4162; x_wconf 79' lang='lat' dir='ltr'>loour</span> <span class='ocrx_word' id='word_1_244' title='bbox 1341 4099 1404 4162; x_wconf 81' lang='lat' dir='ltr'>eale</span> <span class='ocrx_word' id='word_1_245' title='bbox 1422 4123 1481 4163; x_wconf 88' lang='lat' dir='ltr'>non</span> <span class='ocrx_word' id='word_1_246' title='bbox 1500 4099 1610 4180; x_wconf 85' lang='lat' dir='ltr'>pollet,</span> <span class='ocrx_word' id='word_1_247' title='bbox 1640 4099 1702 4160; x_wconf 88' lang='lat' dir='ltr'>lino</span> <span class='ocrx_word' id='word_1_248' title='bbox 1723 4101 1812 4161; x_wconf 88' lang='lat' dir='ltr'>dubio</span> <span class='ocrx_word' id='word_1_249' title='bbox 1836 4099 2018 4178; x_wconf 81' lang='lat' dir='ltr'>(lynevullno</span> <span class='ocrx_word' id='word_1_250' title='bbox 2037 4117 2139 4159; x_wconf 84' lang='lat' dir='ltr'>vocem</span> <span class='ocrx_word' id='word_1_251' title='bbox 2158 4098 2192 4158; x_wconf 78' lang='lat' dir='ltr'>br</span> 
     </span>
     <span class='ocr_line' id='line_1_31' title="bbox 676 4177 2193 4278; baseline -0.003 -19"><span class='ocrx_word' id='word_1_252' title='bbox 676 4201 708 4259; x_wconf 93' lang='lat' dir='ltr'>in</span> <span class='ocrx_word' id='word_1_253' title='bbox 730 4201 827 4261; x_wconf 88' lang='lat' dir='ltr'>locum</span> <span class='ocrx_word' id='word_1_254' title='bbox 847 4199 925 4259; x_wconf 81' lang='lat' dir='ltr'>rocio</span> <span class='ocrx_word' id='word_1_255' title='bbox 945 4201 980 4258; x_wconf 75' lang='lat' dir='ltr'>tr</span> <span class='ocrx_word' id='word_1_256' title='bbox 1001 4193 1107 4275; x_wconf 79' lang='lat' dir='ltr'>posuit.</span> <span class='ocrx_word' id='word_1_257' title='bbox 1152 4177 1192 4259; x_wconf 71' lang='lat' dir='ltr'>(ir</span> <span class='ocrx_word' id='word_1_258' title='bbox 1206 4194 1339 4272; x_wconf 80' lang='lat' dir='ltr'>dellgnat</span> <span class='ocrx_word' id='word_1_259' title='bbox 1356 4205 1502 4259; x_wconf 75' lang='lat' dir='ltr'>monetam</span> <span class='ocrx_word' id='word_1_260' title='bbox 1515 4199 1663 4278; x_wconf 84' lang='lat' dir='ltr'>quandam</span> <span class='ocrx_word' id='word_1_261' title='bbox 1673 4197 1836 4257; x_wconf 80' lang='lat' dir='ltr'>borealium</span> <span class='ocrx_word' id='word_1_262' title='bbox 1855 4196 1954 4275; x_wconf 82' lang='lat' dir='ltr'>(eyrir,</span> <span class='ocrx_word' id='word_1_263' title='bbox 1975 4196 2112 4274; x_wconf 78' lang='lat' dir='ltr'>pecunia,</span> <span class='ocrx_word' id='word_1_264' title='bbox 2132 4215 2193 4256; x_wconf 88' lang='lat' dir='ltr'>rno-</span> 
     </span>
     <span class='ocr_line' id='line_1_32' title="bbox 678 4293 2192 4369; baseline -0.001 -15"><span class='ocrx_word' id='word_1_265' title='bbox 678 4301 763 4368; x_wconf 88' lang='lat' dir='ltr'>neta;</span> <span class='ocrx_word' id='word_1_266' title='bbox 784 4317 841 4356; x_wconf 84' lang='lat' dir='ltr'>vox</span> <span class='ocrx_word' id='word_1_267' title='bbox 864 4297 991 4356; x_wconf 85' lang='lat' dir='ltr'>cohoerct</span> <span class='ocrx_word' id='word_1_268' title='bbox 1009 4314 1076 4355; x_wconf 88' lang='lat' dir='ltr'>cum</span> <span class='ocrx_word' id='word_1_269' title='bbox 1097 4315 1174 4369; x_wconf 88' lang='lat' dir='ltr'>aurr,</span> <span class='ocrx_word' id='word_1_270' title='bbox 1197 4295 1305 4369; x_wconf 77' lang='lat' dir='ltr'>glarea,</span> <span class='ocrx_word' id='word_1_271' title='bbox 1327 4295 1372 4355; x_wconf 92' lang='lat' dir='ltr'>uti</span> <span class='ocrx_word' id='word_1_272' title='bbox 1389 4301 1420 4355; x_wconf 90' lang='lat' dir='ltr'>et</span> <span class='ocrx_word' id='word_1_273' title='bbox 1436 4296 1528 4356; x_wconf 74' lang='lat' dir='ltr'>nostri</span> <span class='ocrx_word' id='word_1_274' title='bbox 1549 4299 1681 4354; x_wconf 80' lang='lat' dir='ltr'>monetae</span> <span class='ocrx_word' id='word_1_275' title='bbox 1703 4293 1832 4368; x_wconf 75' lang='lat' dir='ltr'>glaream</span> <span class='ocrx_word' id='word_1_276' title='bbox 1853 4293 1873 4352; x_wconf 90' lang='lat' dir='ltr'>i.</span> <span class='ocrx_word' id='word_1_277' title='bbox 1885 4313 1911 4353; x_wconf 88' lang='lat' dir='ltr'>a.</span> <span class='ocrx_word' id='word_1_278' title='bbox 1934 4293 1999 4353; x_wconf 80' lang='lat' dir='ltr'>kiae</span> <span class='ocrx_word' id='word_1_279' title='bbox 2016 4293 2192 4368; x_wconf 86' lang='lat' dir='ltr'>nominant);</span> 
     </span>
     <span class='ocr_line' id='line_1_33' title="bbox 675 4389 2190 4467; baseline -0.003 -17"><span class='ocrx_word' id='word_1_280' title='bbox 675 4409 730 4450; x_wconf 86' lang='lat' dir='ltr'>nec</span> <span class='ocrx_word' id='word_1_281' title='bbox 744 4397 813 4451; x_wconf 85' lang='lat' dir='ltr'>ante</span> <span class='ocrx_word' id='word_1_282' title='bbox 827 4392 1021 4467; x_wconf 76' lang='lat' dir='ltr'>multiplicem</span> <span class='ocrx_word' id='word_1_283' title='bbox 1037 4413 1103 4452; x_wconf 88' lang='lat' dir='ltr'>cum</span> <span class='ocrx_word' id='word_1_284' title='bbox 1123 4391 1291 4453; x_wconf 82' lang='lat' dir='ltr'>borealibus</span> <span class='ocrx_word' id='word_1_285' title='bbox 1303 4393 1371 4452; x_wconf 73' lang='lat' dir='ltr'>vitta</span> <span class='ocrx_word' id='word_1_286' title='bbox 1386 4391 1618 4451; x_wconf 87' lang='lat' dir='ltr'>communionem</span> <span class='ocrx_word' id='word_1_287' title='bbox 1632 4392 1688 4450; x_wconf 86' lang='lat' dir='ltr'>hac</span> <span class='ocrx_word' id='word_1_288' title='bbox 1707 4409 1777 4450; x_wconf 78' lang='lat' dir='ltr'>voce</span> <span class='ocrx_word' id='word_1_289' title='bbox 1791 4389 1951 4449; x_wconf 82' lang='lat' dir='ltr'>utebantur</span> <span class='ocrx_word' id='word_1_290' title='bbox 1959 4389 2190 4464; x_wconf 78' lang='lat' dir='ltr'>Angloaaxoneo,</span> 
     </span>
     <span class='ocr_line' id='line_1_34' title="bbox 678 4481 2192 4569; baseline -0.003 -21"><span class='ocrx_word' id='word_1_291' title='bbox 678 4487 827 4564; x_wconf 70' lang='lat' dir='ltr'>praecipue</span> <span class='ocrx_word' id='word_1_292' title='bbox 848 4488 1136 4560; x_wconf 85' lang='lat' dir='ltr'>Nordhumbrenloa,</span> <span class='ocrx_word' id='word_1_293' title='bbox 1162 4509 1287 4569; x_wconf 90' lang='lat' dir='ltr'>quorum</span> <span class='ocrx_word' id='word_1_294' title='bbox 1310 4489 1342 4548; x_wconf 93' lang='lat' dir='ltr'>in</span> <span class='ocrx_word' id='word_1_295' title='bbox 1366 4489 1433 4562; x_wconf 80' lang='lat' dir='ltr'>lego</span> <span class='ocrx_word' id='word_1_296' title='bbox 1457 4486 1628 4548; x_wconf 78' lang='lat' dir='ltr'>sacerdotali</span> <span class='ocrx_word' id='word_1_297' title='bbox 1652 4482 1808 4564; x_wconf 82' lang='lat' dir='ltr'>laepiolime</span> <span class='ocrx_word' id='word_1_298' title='bbox 1837 4485 1962 4546; x_wconf 88' lang='lat' dir='ltr'>occurrit</span> <span class='ocrx_word' id='word_1_299' title='bbox 1987 4487 2025 4562; x_wconf 89' lang='lat' dir='ltr'>(c.</span> <span class='ocrx_word' id='word_1_300' title='bbox 2049 4505 2091 4561; x_wconf 74' lang='lat' dir='ltr'>gr.</span> <span class='ocrx_word' id='word_1_301' title='bbox 2115 4483 2140 4562; x_wconf 70' lang='grc'>5.</span> <span class='ocrx_word' id='word_1_302' title='bbox 2161 4481 2192 4544; x_wconf 85' lang='grc'>4.</span> 
     </span>
     <span class='ocr_line' id='line_1_35' title="bbox 680 4579 2192 4663; baseline -0.005 -20"><span class='ocrx_word' id='word_1_303' title='bbox 680 4584 727 4660; x_wconf 71' lang='lat' dir='ltr'>gif</span> <span class='ocrx_word' id='word_1_304' title='bbox 744 4580 842 4663; x_wconf 89' lang='lat' dir='ltr'>praclt</span> <span class='ocrx_word' id='word_1_305' title='bbox 859 4585 1014 4662; x_wconf 77' lang='lat' dir='ltr'>bisceopes</span> <span class='ocrx_word' id='word_1_306' title='bbox 1035 4587 1112 4660; x_wconf 70' lang='lat' dir='ltr'>agen</span> <span class='ocrx_word' id='word_1_307' title='bbox 1133 4588 1229 4662; x_wconf 79' lang='lat' dir='ltr'>geban</span> <span class='ocrx_word' id='word_1_308' title='bbox 1245 4587 1379 4662; x_wconf 77' lang='lat' dir='ltr'>sorbuge,</span> <span class='ocrx_word' id='word_1_309' title='bbox 1393 4585 1478 4660; x_wconf 71' lang='lat' dir='ltr'>gilde</span> <span class='ocrx_word' id='word_1_310' title='bbox 1494 4585 1566 4645; x_wconf 85' lang='lat' dir='ltr'>XX.</span> <span class='ocrx_word' id='word_1_311' title='bbox 1579 4583 1634 4660; x_wconf 79' lang='lat' dir='ltr'>br.)</span> <span class='ocrx_word' id='word_1_312' title='bbox 1674 4582 1790 4642; x_wconf 75' lang='lat' dir='ltr'>Clarius</span> <span class='ocrx_word' id='word_1_313' title='bbox 1813 4582 1975 4660; x_wconf 89' lang='lat' dir='ltr'>apparebit,</span> <span class='ocrx_word' id='word_1_314' title='bbox 1996 4583 2044 4640; x_wconf 86' lang='lat' dir='ltr'>hlc</span> <span class='ocrx_word' id='word_1_315' title='bbox 2064 4579 2192 4639; x_wconf 83' lang='lat' dir='ltr'>litteram</span> 
     </span>
     <span class='ocr_line' id='line_1_36' title="bbox 679 4673 2192 4760; baseline -0.005 -20"><span class='ocrx_word' id='word_1_316' title='bbox 679 4681 812 4740; x_wconf 81' lang='lat' dir='ltr'>tunicam</span> <span class='ocrx_word' id='word_1_317' title='bbox 833 4700 902 4741; x_wconf 87' lang='lat' dir='ltr'>voce</span> <span class='ocrx_word' id='word_1_318' title='bbox 923 4680 972 4754; x_wconf 81' lang='lat' dir='ltr'>br,</span> <span class='ocrx_word' id='word_1_319' title='bbox 993 4701 1052 4742; x_wconf 88' lang='lat' dir='ltr'>non</span> <span class='ocrx_word' id='word_1_320' title='bbox 1070 4701 1140 4742; x_wconf 85' lang='lat' dir='ltr'>roco</span> <span class='ocrx_word' id='word_1_321' title='bbox 1161 4685 1195 4742; x_wconf 84' lang='lat' dir='ltr'>llr</span> <span class='ocrx_word' id='word_1_322' title='bbox 1221 4682 1379 4760; x_wconf 87' lang='lat' dir='ltr'>explicari,</span> <span class='ocrx_word' id='word_1_323' title='bbox 1400 4683 1467 4742; x_wconf 86' lang='lat' dir='ltr'>aliia</span> <span class='ocrx_word' id='word_1_324' title='bbox 1486 4682 1610 4742; x_wconf 72' lang='lat' dir='ltr'>alionum</span> <span class='ocrx_word' id='word_1_325' title='bbox 1626 4681 1795 4756; x_wconf 85' lang='lat' dir='ltr'>poematum</span> <span class='ocrx_word' id='word_1_326' title='bbox 1815 4678 1997 4753; x_wconf 64' lang='lat' dir='ltr'>stagnantia</span> <span class='ocrx_word' id='word_1_327' title='bbox 2019 4693 2094 4755; x_wconf 87' lang='lat' dir='ltr'>quae</span> <span class='ocrx_word' id='word_1_328' title='bbox 2114 4673 2192 4732; x_wconf 77' lang='lat' dir='ltr'>infra</span> 
     </span>
     <span class='ocr_line' id='line_1_37' title="bbox 679 4767 2195 4857; baseline -0.006 -21"><span class='ocrx_word' id='word_1_329' title='bbox 679 4777 782 4837; x_wconf 89' lang='lat' dir='ltr'>lectori</span> <span class='ocrx_word' id='word_1_330' title='bbox 812 4785 1024 4855; x_wconf 75' lang='lat' dir='ltr'>proponemus,</span> <span class='ocrx_word' id='word_1_331' title='bbox 1057 4783 1088 4838; x_wconf 88' lang='lat' dir='ltr'>ct</span> <span class='ocrx_word' id='word_1_332' title='bbox 1118 4779 1150 4837; x_wconf 94' lang='lat' dir='ltr'>in</span> <span class='ocrx_word' id='word_1_333' title='bbox 1177 4799 1301 4857; x_wconf 89' lang='lat' dir='ltr'>quornm</span> <span class='ocrx_word' id='word_1_334' title='bbox 1328 4773 1466 4837; x_wconf 85' lang='lat' dir='ltr'>verlubuo</span> <span class='ocrx_word' id='word_1_335' title='bbox 1497 4776 1555 4836; x_wconf 91' lang='lat' dir='ltr'>alio</span> <span class='ocrx_word' id='word_1_336' title='bbox 1583 4777 1668 4836; x_wconf 87' lang='lat' dir='ltr'>modo</span> <span class='ocrx_word' id='word_1_337' title='bbox 1699 4776 1763 4834; x_wconf 82' lang='lat' dir='ltr'>haec</span> <span class='ocrx_word' id='word_1_338' title='bbox 1791 4775 1890 4835; x_wconf 87' lang='lat' dir='ltr'>littora</span> <span class='ocrx_word' id='word_1_339' title='bbox 1919 4773 2021 4833; x_wconf 89' lang='lat' dir='ltr'>runica</span> <span class='ocrx_word' id='word_1_340' title='bbox 2051 4767 2195 4846; x_wconf 84' lang='lat' dir='ltr'>explicari</span> 
     </span>
     <span class='ocr_line' id='line_1_38' title="bbox 682 4874 939 4951; baseline 0.004 -18"><span class='ocrx_word' id='word_1_341' title='bbox 682 4874 799 4934; x_wconf 89' lang='lat' dir='ltr'>omnino</span> <span class='ocrx_word' id='word_1_342' title='bbox 826 4875 939 4951; x_wconf 88' lang='lat' dir='ltr'>nequit.</span> 
     </span>
    </p>
   </div>
   <div class='ocr_carea' id='block_1_8' title="bbox 0 0 2604 6628">
    <p class='ocr_par' dir='ltr' id='par_1_15' title="bbox 0 0 2604 6628">
     <span class='ocr_line' id='line_1_39' title="bbox 0 0 2604 6628; baseline 0 0"><span class='ocrx_word' id='word_1_343' title='bbox 0 0 2604 6628; x_wconf 95' lang='lat' dir='ltr'> </span> 
     </span>
    </p>
   </div>
  </div>
 </body>
</html>
